<record xmlns='http://www.loc.gov/MARC21/slim'><leader>01419cim a22003492u 4500</leader><controlfield tag='001'>3604641</controlfield><controlfield tag='005'>20151214183434.0</controlfield><controlfield tag='007'>ss|lmnjluz|nuu</controlfield><controlfield tag='008'>991101s1989    nyunnn         l    eng d</controlfield><datafield ind1=' ' ind2=' ' tag='035'><subfield code='a'>(NIC)notisASG1706</subfield></datafield><datafield ind1=' ' ind2=' ' tag='035'><subfield code='a'>3604641</subfield></datafield><datafield ind1=' ' ind2=' ' tag='035'><subfield code='a'>(OCoLC)63903126</subfield></datafield><datafield ind1=' ' ind2=' ' tag='040'><subfield code='a'>NIC</subfield><subfield code='c'>NIC</subfield><subfield code='d'>NIC</subfield><subfield code='d'>NIC</subfield></datafield><datafield ind1='1' ind2=' ' tag='100'><subfield code='a'>Szarkowski, John.</subfield></datafield><datafield ind1='1' ind2='0' tag='245'><subfield code='a'>Early photography and modernism</subfield><subfield code='h'>[sound recording]</subfield></datafield><datafield ind1=' ' ind2=' ' tag='260'><subfield code='c'>1989.</subfield></datafield><datafield ind1=' ' ind2=' ' tag='300'><subfield code='a'>1 sound cassette (70 min.) :</subfield><subfield code='b'>analog, mono.</subfield></datafield><datafield ind1=' ' ind2=' ' tag='500'><subfield code='a'>Recorded in Ithaca, NY by Cornell University.</subfield></datafield><datafield ind1=' ' ind2=' ' tag='500'><subfield code='a'>Sponsored by: Andrew D. White Professors-At-Large Program.</subfield></datafield><datafield ind1=' ' ind2=' ' tag='500'><subfield code='a'>Speaker(s): Director, Department of Photography; The Museum of Modern Art, NYC; Andrew D. White Professor-at-Large.</subfield></datafield><datafield ind1=' ' ind2=' ' tag='518'><subfield code='a'>Lecture, April 27, 1989.</subfield></datafield><datafield ind1=' ' ind2=' ' tag='520'><subfield code='a'>A discussion of the early history of photography and its relation to art in those and later times, with particular emphasis on the different mechanical techniques of early cameras.</subfield></datafield><datafield ind1=' ' ind2='0' tag='650'><subfield code='a'>Photography</subfield><subfield code='y'>Early works to 1850.</subfield></datafield><datafield ind1=' ' ind2='0' tag='650'><subfield code='a'>Art and photography.</subfield></datafield><datafield ind1=' ' ind2='0' tag='650'><subfield code='a'>Cameras.</subfield></datafield><datafield ind1=' ' ind2='7' tag='650'><subfield code='a'>Art and photography</subfield><subfield code='2'>fast</subfield><subfield code='0'>(OCoLC)fst00815420</subfield></datafield><datafield ind1=' ' ind2='7' tag='650'><subfield code='a'>Cameras</subfield><subfield code='2'>fast</subfield><subfield code='0'>(OCoLC)fst00844732</subfield></datafield><datafield ind1=' ' ind2='7' tag='650'><subfield code='a'>Photography</subfield><subfield code='2'>fast</subfield><subfield code='0'>(OCoLC)fst01061714</subfield></datafield><datafield ind1=' ' ind2='0' tag='830'><subfield code='a'>Andrew D. White Professors-At-Large lectures.</subfield></datafield><datafield ind1='1' ind2=' ' tag='899'><subfield code='a'>CULectures</subfield></datafield><datafield ind1=' ' ind2=' ' tag='905'><subfield code='a'>20000404120000.0</subfield></datafield><datafield ind1='2' ind2=' ' tag='948'><subfield code='a'>20141221</subfield><subfield code='b'>m</subfield><subfield code='d'>batch</subfield><subfield code='e'>lts</subfield><subfield code='x'>addfast</subfield></datafield></record>